<?xml version="1.0" encoding="UTF-8"?><collection><record><leader>04633ntm a2200433 a 4500</leader><controlfield tag="001">005964232</controlfield><controlfield tag="003">MiAaHDL</controlfield><controlfield tag="005">20190719000000.0</controlfield><controlfield tag="006">m        d        </controlfield><controlfield tag="007">cr bn ---auaua</controlfield><controlfield tag="008">090317s17uu    xx            00| ||ara d</controlfield><datafield tag="035" ind1=" " ind2=" "><subfield code="a">(MiU)005964232</subfield></datafield><datafield tag="035" ind1=" " ind2=" "><subfield code="a">sdr-miu005964232</subfield></datafield><datafield tag="040" ind1=" " ind2=" "><subfield code="a">MiU</subfield><subfield code="c">MiU</subfield></datafield><datafield tag="043" ind1=" " ind2=" "><subfield code="a">n-us-mi</subfield></datafield><datafield tag="130" ind1="0" ind2=" "><subfield code="6">880-02</subfield><subfield code="a">Qurʼan</subfield></datafield><datafield tag="245" ind1="1" ind2="3"><subfield code="6">880-03</subfield><subfield code="a">[al-Qurʼān,</subfield><subfield code="f">18th century?].</subfield></datafield><datafield tag="260" ind1=" " ind2=" "><subfield code="c">[17--?]</subfield></datafield><datafield tag="300" ind1=" " ind2=" "><subfield code="a">340 leaves :</subfield><subfield code="b">paper ;</subfield><subfield code="c">180 x 130 (113 x 60) mm bound to 180 x 135 mm.</subfield></datafield><datafield tag="500" ind1=" " ind2=" "><subfield code="a">Shelfmark: Ann Arbor, University of Michigan, Special Collections Library, Isl. Ms. 1</subfield></datafield><datafield tag="500" ind1=" " ind2=" "><subfield code="a">Origin: Lacks dated colophon ; paper would suggest 18th century. Dated seal impressions provide only approximate terminus ante quem but also may suggest 18th century.</subfield></datafield><datafield tag="500" ind1=" " ind2=" "><subfield code="a">Former shelfmark: British Museum, London "No. 103. Kuran."</subfield></datafield><datafield tag="500" ind1=" " ind2=" "><subfield code="a">Binding: Pasteboards covered in red-brown leather ; Type II binding (with flap) ; board linings, doublure hinges, and lining of envelope flap in shell marbled paper (pink and brown) ; fine printed fabric in yellow, blue and pink lining fore-edge flap ; upper and lower covers bear blind-tooled arrangement of rosette-shaped stamps forming a central diamond-shaped ornament and accents along with border in s-shaped stamps ; sewn in cream thread, two stations ; endbands virtually gone, only traces of primaries remain ; in poor condition with much abrasion, staining, some delaminating of boards, fore-edge flap detaching from lower cover, lower cover detaching at spine, a few loose quires, etc.</subfield></datafield><datafield tag="500" ind1=" " ind2=" "><subfield code="a">Support: European laid paper with 13 laid lines per cm. (horizontal) and chain lines (vertical) spaced 26 mm. apart ; watermarks include an eagle and scrollwork with lion rampant (compare Heawood 1262) ; fairly well-burnished and smooth.</subfield></datafield><datafield tag="500" ind1=" " ind2=" "><subfield code="a">Decoration: Richly decorated polychrome double-page opening with scalloped dome headpieces in green and red filled with swirling vegetal pattern and surmounted by vertical stalks (tīgh) accompanied by rectangular panels carrying the opening text (al-Fātiḥah facing opening of Sūrat al-Baqarah), headings and the āyah "انه لقرآن كريم في كتاب مكنون لا يمسه الا المطهرون وينزل من رب العالمين" ; entire piece is bordered by a frame in red and green with rule-border at some distance in the margin ; verse dividers in the form of stylized red circles appear throughout ; rule-border surrounds written area throughout ; text rubricated with sūrah headings, juzʼ markers, etc. in red.</subfield></datafield><datafield tag="500" ind1=" " ind2=" "><subfield code="a">Script: Naskh ; elegant Ottoman hand ; partially seriffed with occasional right-sloping head-serifs on most vertical shafts in the majority of the text ; effect of tilt to the left ; fully vocalized.</subfield></datafield><datafield tag="500" ind1=" " ind2=" "><subfield code="a">Layout: Written in 15 lines per page ; frame-ruled (impression of ruling board evident).</subfield></datafield><datafield tag="500" ind1=" " ind2=" "><subfield code="a">Collation: i, VI+1 (13), V+1 (24), 9 VI(132), VII (146), 6 VI(218), V (228), 9 VI(336), II (340) ; chiefly sexternions ; final leaf left blank ; catchwords present ; pagination in pencil, Western numerals, supplied during digitization (includes front flyleaf).</subfield></datafield><datafield tag="500" ind1=" " ind2=" "><subfield code="a">Title supplied by cataloguer.</subfield></datafield><datafield tag="500" ind1=" " ind2=" "><subfield code="a">Ms. codex.</subfield></datafield><datafield tag="520" ind1="8" ind2=" "><subfield code="a">Neat copy of the Qurʼān with a few former owners' marks.</subfield></datafield><datafield tag="538" ind1=" " ind2=" "><subfield code="a">Mode of access: Internet.</subfield></datafield><datafield tag="541" ind1=" " ind2=" "><subfield code="c">Purchase ;</subfield><subfield code="a">Acquired by purchase along with Abdul Hamid Collection (funds donated by Horace Rackham).</subfield><subfield code="d">1924.</subfield></datafield><datafield tag="546" ind1=" " ind2=" "><subfield code="a">Arabic.</subfield></datafield><datafield tag="561" ind1=" " ind2=" "><subfield code="a">Bookplate of British Museum, London on inner front cover,"British Museum, London. No. 103. Kuran." ; circular seal impression with figure of goat/gazelle in purple ink as well as inscription "295" in Western numerals on front flyleaf (p.1) ; childish scribbles on front flyleaf and elsewhere ; a few circular seal impressions on fol.340a (p.681), one containing "عبد الله ..." possibly dated 1271 [1854 or 5], along with octagonal seal impression possibly dated 1120 [1708 or 9], "عبد الله بنده خدا ۱۱۲۰[؟]" within and inscription "عبد الله" below ; a few marginal corrections ; notabilia marking each جزء and occasionally نصف جزء and حزب appear in red ink, black ink, or even pencil ; idiosyncratic numeral thalāthah is used (see sidehead for الجزء الثالث عشر on fol.138b/p.278).</subfield></datafield><datafield tag="650" ind1=" " ind2="0"><subfield code="a">Manuscripts, Arabic</subfield><subfield code="z">Michigan</subfield><subfield code="z">Ann Arbor.</subfield></datafield><datafield tag="773" ind1="0" ind2=" "><subfield code="a">Tiflis Collection.</subfield></datafield><datafield tag="880" ind1="1" ind2="2"><subfield code="6">245-03/</subfield><subfield code="a">[القرآن,</subfield><subfield code="f">القرن 18م؟].</subfield></datafield><datafield tag="880" ind1="0" ind2=" "><subfield code="6">130-02/</subfield><subfield code="a">قرآن</subfield></datafield><datafield tag="CID" ind1=" " ind2=" "><subfield code="a">005964232</subfield></datafield><datafield tag="DAT" ind1="0" ind2=" "><subfield code="a">20190719102633.0</subfield><subfield code="b">20190719000000.0</subfield></datafield><datafield tag="DAT" ind1="1" ind2=" "><subfield code="a">20190719090653.0</subfield><subfield code="b">2019-07-19T16:11:06Z</subfield></datafield><datafield tag="DAT" ind1="2" ind2=" "><subfield code="a">2015-10-10T18:00:06Z</subfield></datafield><datafield tag="CAT" ind1=" " ind2=" "><subfield code="a">SDR-MIU</subfield><subfield code="d">EX LIBRIS - ALEPH</subfield><subfield code="l">prepare.pl-004-008</subfield></datafield><datafield tag="FMT" ind1=" " ind2=" "><subfield code="a">BK</subfield></datafield><datafield tag="HOL" ind1=" " ind2=" "><subfield code="0">sdr-miu005964232</subfield><subfield code="a">MiU</subfield><subfield code="b">SDR</subfield><subfield code="c">MIU</subfield><subfield code="p">mdp.39015079105089</subfield><subfield code="s">MIU</subfield><subfield code="1">005964232</subfield></datafield><datafield tag="974" ind1=" " ind2=" "><subfield code="b">MIU</subfield><subfield code="c">MIU</subfield><subfield code="d">20190719</subfield><subfield code="s">lit-dlps-dc</subfield><subfield code="u">mdp.39015079105089</subfield><subfield code="y">1799</subfield><subfield code="r">pd</subfield><subfield code="q">bib</subfield><subfield code="t">non-US bib date1 &lt; 1879</subfield></datafield></record></collection>